<?xml version="1.0" encoding="UTF-8"?><record xmlns="http://www.loc.gov/MARC21/slim" xmlns:cinclude="http://apache.org/cocoon/include/1.0" xmlns:zs="http://www.loc.gov/zing/srw/">
  <leader>00488nz  a2200145n  4500</leader>
  <controlfield tag="001">no2008014194</controlfield>
  <controlfield tag="003">DLC</controlfield>
  <controlfield tag="005">20080131080501.0</controlfield>
  <controlfield tag="008">080114n| acannaabn          |n aaa     c</controlfield>
  <datafield tag="010" ind1=" " ind2=" ">
    <subfield code="a">no2008014194</subfield>
  </datafield>
  <datafield tag="035" ind1=" " ind2=" ">
    <subfield code="a">(OCoLC)oca07642433</subfield>
  </datafield>
  <datafield tag="040" ind1=" " ind2=" ">
    <subfield code="a">UPB</subfield>
    <subfield code="b">eng</subfield>
    <subfield code="c">UPB</subfield>
  </datafield>
  <datafield tag="100" ind1="1" ind2=" ">
    <subfield code="a">Nielson, Tara</subfield>
  </datafield>
  <datafield tag="670" ind1=" " ind2=" ">
    <subfield code="a">Rights of passage, 2002:</subfield>
    <subfield code="b">t.p. (Tara Nielson)</subfield>
  </datafield>
  <datafield tag="670" ind1=" " ind2=" ">
    <subfield code="a">Brigham Young University, L. Tom Perry Special Collections worksheet, Jan. 14, 2008</subfield>
    <subfield code="b">(Tara Nielson; student at Brigham Young University)</subfield>
  </datafield>
</record>